% This file was created with JabRef 2.6.
% Encoding: UTF-8

@BOOK{frontini-book:2007,
  title = {Fondamenti di calcolo numerico},
  publisher = {Maggioli Editore},
  year = {2007},
  author = {M. Frontini},
  isbn = {978-88387-4176-X},
}

@BOOK{lutz-book:2009,
  title = {Learning python},
  publisher = {O'Reilly},
  year = {2009},
  author = {M. Lutz},
  isbn = {978-0-596-15806-4},
}

@BOOK{qss-book:2008,
  title = {Matematica numerica},
  publisher = {Springer},
  year = {2008},
  author = {A. Quarteroni and R. Sacco and F. Saleri},
  isbn = {978-88-470-0782-6},
}

@MISC{PythonSoftwareFoundation,
  title  = {{P}ython {S}oftware {F}oundation},
  key    = {PSF},
  label  = {PSF},
  url    = { http://www.python.org/psf/ }
}

@comment{jabref-meta: selector_publisher:}

@comment{jabref-meta: selector_author:}

@comment{jabref-meta: selector_journal:}

@comment{jabref-meta: selector_keywords:}


